<?xml version="1.0" encoding="UTF-8"?><collection xmlns="http://www.loc.gov/MARC21/slim"><record><leader>00657nam--2200205-u-4500</leader><controlfield tag="001">000056017</controlfield><controlfield tag="002">20161230</controlfield><controlfield tag="005">20161230201052</controlfield><controlfield tag="008">141202s1000------------r-----000-0-eng-d</controlfield><datafield ind1=" " ind2=" " tag="020"><subfield code="a">0824320123</subfield></datafield><datafield ind1=" " ind2=" " tag="040"><subfield code="a">IFIN-HH</subfield></datafield><datafield ind1=" " ind2=" " tag="080"><subfield code="a">523.31:550.3(082.1)</subfield></datafield><datafield ind1="1" ind2=" " tag="100"><subfield code="a">Wetherill, George W</subfield></datafield><datafield ind1="1" ind2="0" tag="245"><subfield code="a">Annual review of earth and planetary sciences</subfield><subfield code="b">Volume 12</subfield><subfield code="c">George w. wetherill, arden l. albee, francis g. stehli (eds.)</subfield></datafield><datafield ind1=" " ind2=" " tag="260"><subfield code="a">Palo Alto, California</subfield><subfield code="b">Annual Reviews Inc</subfield><subfield code="c">1984</subfield></datafield><datafield ind1=" " ind2=" " tag="300"><subfield code="a">53P</subfield></datafield><datafield ind1=" " ind2=" " tag="490"><subfield code="a">Annual Review Of Earth And Planetary Sciences</subfield></datafield><datafield ind1="1" ind2=" " tag="700"><subfield code="a">Stehli, Francis G</subfield><subfield code="e">Ed</subfield></datafield><datafield ind1=" " ind2=" " tag="852"><subfield code="a">46534</subfield><subfield code="c">523</subfield></datafield><datafield ind1=" " ind2=" " tag="CAT"><subfield code="a">Sys</subfield><subfield code="c">20141202</subfield><subfield code="h">191630</subfield></datafield></record></collection>